@inproceedings{Alkhoury,
 author = {Alkhoury, Sami and Devijver, Emilie and Clausel, Marianne and Tami, Myriam and Gaussier, Eric and Oppenheim, georges},
 booktitle = {Advances in Neural Information Processing Systems},
 editor = {H. Larochelle and M. Ranzato and R. Hadsell and M.F. Balcan and H. Lin},
 pages = {11345--11355},
 publisher = {Curran Associates, Inc.},
 title = {Smooth And Consistent Probabilistic Regression Trees},
 url = {https://proceedings.neurips.cc/paper_files/paper/2020/file/8289889263db4a40463e3f358bb7c7a1-Paper.pdf},
 volume = {33},
 year = {2020}
}
