@inproceedings{Bartlett,
 author = {Bartlett, Peter and Traskin, Mikhail},
 booktitle = {Advances in Neural Information Processing Systems},
 editor = {B. Sch\"{o}lkopf and J. Platt and T. Hoffman},
 pages = {},
 publisher = {MIT Press},
 title = {AdaBoost is Consistent},
 url = {https://proceedings.neurips.cc/paper_files/paper/2006/file/b887d8d5e65ac4dec3934028fe23ad72-Paper.pdf},
 volume = {19},
 year = {2006}
}
