@inproceedings{Breiman,
 author = {Breiman, Leo},
 booktitle = {Machine Learning},
 pages = {5â€“-32},
 publisher = { Kluwer Academic Publishers},
 title = {Random Forests},
 url = {https://doi.org/10.1023/A:1010933404324},
 volume = {45},
 year = {2001}
}