@inproceedings{Feng,
 author = {Feng, Ji and Yu, Yang and Zhou, Zhi-Hua},
 booktitle = {Advances in Neural Information Processing Systems},
 editor = {S. Bengio and H. Wallach and H. Larochelle and K. Grauman and N. Cesa-Bianchi and R. Garnett},
 pages = {},
 publisher = {Curran Associates, Inc.},
 title = {Multi-Layered Gradient Boosting Decision Trees},
 url = {https://proceedings.neurips.cc/paper_files/paper/2018/file/39027dfad5138c9ca0c474d71db915c3-Paper.pdf},
 volume = {31},
 year = {2018}
}
