@inproceedings{kaggle,
 author = {Breiman, Leo},
 booktitle = {Machine Learning},
 editor = {H. Larochelle and M. Ranzato and R. Hadsell and M.F. Balcan and H. Lin},
 pages = {5â€“-32},
 publisher = {Kluwer Academic Publishers},
 title = {Random Forests},
 url = {https://doi.org/10.1023/A:1010933404324},
 volume = {25},
 year = {2001}
}