@article{Kleinberg,
  title={An overtraining-resistant stochastic modeling method for pattern recognition},
  author={Eugene M. Kleinberg},
  journal={Annals of Statistics},
  year={1996},
  volume={24},
  pages={2319-2349}
}