@inproceedings{Krzywinski,
 author = {Krzywinski, M.},
 booktitle = {Nat Methods},
 pages = {757â€“-758},
 publisher = {Nature Portfolio},
 title = {Classification and regression trees},
 url = {https://doi.org/10.1038/nmeth.4370},
 volume = {14},
 year = {2017}
}