@ARTICLE{Luo,
  author={Luo, Haoran and Cheng, Fan and Yu, Heng and Yi, Yuqi},
  journal={IEEE Access}, 
  title={SDTR: Soft Decision Tree Regressor for Tabular Data}, 
  year={2021},
  volume={9},
  number={},
  pages={55999-56011},
  doi={10.1109/ACCESS.2021.3070575}}
