@inproceedings{Maksym,
 author = {Andriushchenko, Maksym and Hein, Matthias},
 booktitle = {Advances in Neural Information Processing Systems},
 editor = {H. Wallach and H. Larochelle and A. Beygelzimer and F. d\textquotesingle Alch\'{e}-Buc and E. Fox and R. Garnett},
 pages = {},
 publisher = {Curran Associates, Inc.},
 title = {Provably robust boosted decision stumps and trees against adversarial attacks},
 url = {https://proceedings.neurips.cc/paper_files/paper/2019/file/4206e38996fae4028a26d43b24f68d32-Paper.pdf},
 volume = {32},
 year = {2019}
}
